<?xml version="1.0" encoding="UTF-8"?><collection xmlns="http://www.loc.gov/MARC21/slim"><record><leader>00480nam--2200181-i-4500</leader><controlfield tag="001">000048152</controlfield><controlfield tag="002">20161230</controlfield><controlfield tag="005">20161230201046</controlfield><controlfield tag="008">060222s1000------------r-----000-0-eng-d</controlfield><datafield ind1=" " ind2=" " tag="040"><subfield code="a">IFIN-HH</subfield></datafield><datafield ind1=" " ind2=" " tag="080"><subfield code="a">802.0</subfield></datafield><datafield ind1="1" ind2=" " tag="100"><subfield code="a">Zandvoort,R.W</subfield></datafield><datafield ind1="1" ind2="0" tag="245"><subfield code="a">A handbook of english grammar</subfield><subfield code="b">With the assitance of j.a.van ek</subfield><subfield code="c">R.w. zandvoort</subfield></datafield><datafield ind1=" " ind2=" " tag="250"><subfield code="a">Fifth Edition</subfield></datafield><datafield ind1=" " ind2=" " tag="260"><subfield code="a">London</subfield><subfield code="b">Longmans</subfield><subfield code="c">1969</subfield></datafield><datafield ind1=" " ind2=" " tag="300"><subfield code="a">XIII+349 P</subfield></datafield><datafield ind1=" " ind2=" " tag="852"><subfield code="a">36415</subfield><subfield code="c">4</subfield></datafield><datafield ind1=" " ind2=" " tag="CAT"><subfield code="a">Sys</subfield><subfield code="c">20130201</subfield><subfield code="h">135544</subfield></datafield></record></collection>